@article{knuth84,
  author = {Knuth, Donald E.},
  title = {Literate Programming},
  year = {1984},
  issue_date = {May 1984},
  publisher = {Oxford University Press, Inc.},
  address = {USA},
  volume = {27},
  number = {2},
  issn = {0010-4620},
  url = {https://doi.org/10.1093/comjnl/27.2.97},
  doi = {10.1093/comjnl/27.2.97},
  journal = {Comput. J.},
  month = may,
  pages = {97â€“111},
  numpages = {15}
}

@article{chen2016from,
  author = {Chen, Y. and Lun, ATL. and Smyth, GK.},
  title = {From reads to genes to pathways: differential expression analysis of RNA-Seq experiments using Rsubread and the edgeR quasi-likelihood pipeline [version 2; peer review: 5 approved]
  },
  journal = {F1000Research},
  volume = {5},
  year = {2016},
  number = {1438},
  doi = {10.12688/f1000research.8987.2}
}

@inproceedings{sha2015effect,
  title={Effect of low-expression gene filtering on detection of differentially expressed genes in RNA-seq data},
  author={Sha, Ying and Phan, John H and Wang, May D},
  booktitle={2015 37th Annual International Conference of the IEEE Engineering in Medicine and Biology Society (EMBC)},
  pages={6461--6464},
  year={2015},
  organization={IEEE}
}

@article{bourgon2010independent,
  title={Independent filtering increases detection power for high-throughput experiments},
  author={Bourgon, Richard and Gentleman, Robert and Huber, Wolfgang},
  journal={Proceedings of the National Academy of Sciences},
  volume={107},
  number={21},
  pages={9546--9551},
  year={2010},
  publisher={National Academy of Sciences}
}

@article{love2014moderated,
  title={Moderated estimation of fold change and dispersion for RNA-seq data with DESeq2},
  author={Love, Michael I and Huber, Wolfgang and Anders, Simon},
  journal={Genome biology},
  volume={15},
  pages={1--21},
  year={2014},
  publisher={Springer}
}





